@ARTICLE{Noll:1994dg,
   author = {Fowler, Glenn and Curt Noll, Landon and Phong Vo},
   title = {{Fowler-Noll-Vo} ({FNV}) Hash.},
   journal = {http://www.isthe.com/chongo/tech/comp/fnv/},
   year = {1994}
}

